% Encoding: UTF-8

@InCollection{Sander2017,
  author    = {Sander, Christoph},
  publisher = {Springer International Publishing},
  title     = {Magnetism in Renaissance Science},
  year      = {2017},
  isbn      = {9783319028484},
  pages     = {1--6},
  doi       = {10.1007/978-3-319-02848-4_944-1},
}

@Book{Furlani2001,
  author     = {Furlani, Edward P.},
  publisher  = {Academic Press},
  title      = {Permanent Magnet and Electromechanical Devices: {Materials}, Analysis, and Applications},
  year       = {2001},
  isbn       = {9780122699511},
}

@Article{Akoun1984,
  author   = {Akoun, G. and Yonnet, J.-P.},
  journal  = {{IEEE Transactions on Magnetics}},
  title    = {{3D} analytical calculation of the forces exerted between two cuboidal magnets},
  year     = {1984},
  month    = sep,
  number   = {5},
  pages    = {1962--1964},
  volume   = {20},
  doi      = {10.1109/TMAG.1984.1063554},
}

@Article{Mann2010,
  author   = {Mann, B. P. and Owens, B. A.},
  journal  = {{Journal of Sound and Vibration}},
  title    = {Investigations of a nonlinear energy harvester with a bistable potential well},
  year     = {2010},
  month    = apr,
  number   = {9},
  pages    = {1215--1226},
  volume   = {329},
  doi      = {10.1016/j.jsv.2009.11.034},
}

@Article{Robertson2009,
  author   = {Robertson, Will S. and Kidner, M. R. F. and Cazzolato, Ben S. and Zander, Anthony C.},
  journal  = {{Journal of Sound and Vibration}},
  title    = {Theoretical design parameters for a quasi-zero stiffness magnetic spring for vibration isolation},
  year     = {2009},
  month    = sep,
  number   = {1},
  pages    = {88--103},
  volume   = {326},
  doi      = {10.1016/j.jsv.2009.04.015},
}

@Article{Janssen2010,
  author   = {Janssen, Jeroen L. G. and Paulides, Johannes J. H. and Compter, John C. and Lomonova, Elena A.},
  journal  = {{IEEE Transactions on Magnetics}},
  title    = {Three-Dimensional Analytical Calculation of the Torque Between Permanent Magnets in Magnetic Bearings},
  year     = {2010},
  month    = jun,
  number   = {6},
  pages    = {1748--1751},
  volume   = {46},
  doi      = {10.1109/TMAG.2010.2043224},
}

@Article{Allag2009,
  author   = {Allag, Hicham and Yonnet, Jean-Paul},
  journal  = {{IEEE Transactions on Magnetics}},
  title    = {3-{D} Analytical Calculation of the Torque and Force Exerted Between Two Cuboidal Magnets},
  year     = {2009},
  month    = oct,
  number   = {10},
  pages    = {3969--3972},
  volume   = {45},
  doi      = {10.1109/TMAG.2009.2025047},
}

@Article{EngelHerbert2005,
  author    = {Engel-Herbert, R. and Hesjedal, T.},
  journal   = {{Journal of Applied Physics}},
  title     = {Calculation of the magnetic stray field of a uniaxial magnetic domain},
  year      = {2005},
  month     = mar,
  number    = {7},
  pages     = {074504},
  volume    = {97},
  doi       = {10.1063/1.1883308},
}

@Article{Ravaud2009,
  author    = {Ravaud, Romain and Lemarquand, Guy},
  journal   = {{Progress In Electromagnetics Research}},
  title     = {Magnetic field produced by a parallelepipedic magnet of various and uniform polarization},
  year      = {2009},
  number    = {98},
  pages     = {207},
  doi       = {10.2528/PIER09091704},
}

@Article{Furlani1995,
  author   = {Furlani, E.P. and Reznik, S. and Kroll, A.},
  journal  = {{IEEE Transactions on Magnetics}},
  title    = {A three-dimensional field solution for radially polarized cylinders},
  year     = {1995},
  month    = jan,
  number   = {1},
  pages    = {844--851},
  volume   = {31},
  doi      = {10.1109/20.364587},
}

@Article{Ravaud2008,
  author   = {Ravaud, R. and Lemarquand, G. and Lemarquand, V. and Depollier, C.},
  journal  = {{IEEE Transactions on Magnetics}},
  title    = {Analytical Calculation of the Magnetic Field Created by Permanent-Magnet Rings},
  year     = {2008},
  month    = aug,
  number   = {8},
  pages    = {1982--1989},
  volume   = {44},
  doi      = {10.1109/TMAG.2008.923096},
}

@Article{Ravaud2008a,
  author    = {Ravaud, Romain and Lemarquand, Guy and Lemarquand, Valerie and Depollier, Claude},
  journal   = {{Progress In Electromagnetics Research}},
  title     = {The Three Exact Components of the Magnetic Field Created by a Radially Magnetized Tile Permanent Magnet},
  year      = {2008},
  pages     = {307--319},
  volume    = {88},
  doi       = {10.2528/PIER08112708},
}

@Article{Ravaud2009a,
  author    = {Ravaud, Romain and Lemarquand, Guy and Lemarquand, Valérie and Depollier, Claude L.},
  journal   = {{Progress In Electromagnetics Research B}},
  title     = {Discussion about the analytical calculation of the magnetic field created by permanent magnets},
  year      = {2009},
  pages     = {281--297},
  volume    = {11},
  doi       = {10.2528/PIERB08112102},
}

@Article{Soltner2010,
  author    = {Soltner, H. and Blümler, P.},
  journal   = {{Concepts in Magnetic Resonance Part A}},
  title     = {Dipolar {Halbach} magnet stacks made from identically shaped permanent magnets for magnetic resonance},
  year      = {2010},
  number    = {4},
  pages     = {211--222},
  volume    = {36A},
  doi       = {https://doi.org/10.1002/cmr.a.20165},
}

@Article{Meessen2008,
  author   = {Meessen, Koen J. and Gysen, Bart L. J. and Paulides, Johannes J. H. and Lomonova, Elena A.},
  journal  = {{IEEE Transactions on Magnetics}},
  title    = {Halbach Permanent Magnet Shape Selection for Slotless Tubular Actuators},
  year     = {2008},
  month    = nov,
  number   = {11},
  pages    = {4305--4308},
  volume   = {44},
  doi      = {10.1109/TMAG.2008.2001536},
}

@Article{Janssen2010a,
  author    = {Janssen, J.L.G. and Paulides, J.J.H. and Lomonova, E.A.},
  journal   = {{COMPEL}},
  title     = {{3D} analytical field calculation using triangular magnet segments applied to a skewed linear permanent magnet actuator},
  year      = {2010},
  month     = jan,
  number    = {4},
  pages     = {984--993},
  volume    = {29},
  doi       = {10.1108/03321641011044406},
}

@Article{Rubeck2013,
  author     = {Rubeck, Christophe and Yonnet, Jean-Paul and Allag, Hicham and Delinchant, Benoît and Chadebec, Olivier},
  journal    = {{IEEE Transactions on Magnetics}},
  title      = {Analytical Calculation of Magnet Systems: {M}agnetic Field Created by Charged Triangles and Polyhedra},
  year       = {2013},
  month      = jan,
  number     = {1},
  pages      = {144--147},
  volume     = {49},
  doi        = {10.1109/TMAG.2012.2219511},
}

@Article{Lee2004,
  author   = {Lee, Moon G. and Gweon, Dae-Gab},
  journal  = {{Journal of Magnetism and Magnetic Materials}},
  title    = {Optimal design of a double-sided linear motor with a multi-segmented trapezoidal magnet array for a high precision positioning system},
  year     = {2004},
  month    = oct,
  number   = {2},
  pages    = {336--346},
  volume   = {281},
  doi      = {10.1016/j.jmmm.2004.03.052},
}

@Article{Beleggia2003,
  author   = {Beleggia, M. and De Graef, M.},
  journal  = {{Journal of Magnetism and Magnetic Materials}},
  title    = {On the computation of the demagnetization tensor field for an arbitrary particle shape using a {Fourier} space approach},
  year     = {2003},
  month    = jul,
  number   = {1},
  pages    = {L1--L9},
  volume   = {263},
  doi      = {10.1016/S0304-8853(03)00238-5},
}

@Article{Beleggia2005,
  author   = {Beleggia, M. and De Graef, M.},
  journal  = {{Journal of Magnetism and Magnetic Materials}},
  title    = {General magnetostatic shape–shape interactions},
  year     = {2005},
  month    = jan,
  number   = {1},
  pages    = {L1--L10},
  volume   = {285},
  doi      = {10.1016/j.jmmm.2004.09.004},
}

@Article{Beleggia2004,
  author   = {Beleggia, M. and Tandon, S. and Zhu, Y. and De Graef, M.},
  journal  = {{Journal of Magnetism and Magnetic Materials}},
  title    = {On the magnetostatic interactions between nanoparticles of arbitrary shape},
  year     = {2004},
  month    = jul,
  number   = {1},
  pages    = {270--284},
  volume   = {278},
  doi      = {10.1016/j.jmmm.2003.12.1314},
}

@Article{DeGraef2009,
  author   = {De Graef, M. and Beleggia, M.},
  journal  = {{Journal of Magnetism and Magnetic Materials}},
  title    = {General magnetostatic shape–shape interaction forces and torques},
  year     = {2009},
  month    = aug,
  number   = {15},
  pages    = {L45--L51},
  volume   = {321},
  doi      = {10.1016/j.jmmm.2009.02.128},
}

@Article{Dam2016,
  author     = {van Dam, J. R. M. and Paulides, J. J. H. and Robertson, W. S. P. and Dhaens, M. and Lomonova, E. A.},
  journal    = {{IEEE Transactions on Magnetics}},
  title      = {Analytical Surface Charge Method for Rotated Permanent Magnets: {Boundary} Element Method Comparison and Experimental Validation},
  year       = {2016},
  month      = jul,
  number     = {7},
  pages      = {1--4},
  volume     = {52},
  doi        = {10.1109/TMAG.2016.2517658},
}

@PhdThesis{Robertson2013,
  author   = {Robertson, William Samuel Parker},
  title    = {Modelling and design of magnetic levitation systems for vibration isolation.},
  year     = {2013},
}

@Misc{Robertson,
  author = {Robertson, W. S. P.},
  title  = {{MAGCODE}: {M}odels for calculating magnetic fields and interactions},
  doi    = {10.5281/zenodo.1491206},
}

@Article{Coey2002,
  author   = {Coey, J. M. D.},
  journal  = {{Journal of Magnetism and Magnetic Materials}},
  title    = {Permanent magnet applications},
  year     = {2002},
  month    = aug,
  number   = {3},
  pages    = {441--456},
  volume   = {248},
  doi      = {10.1016/S0304-8853(02)00335-9},
}

@Article{Coey2014,
  author    = {Coey, J. M. D.},
  journal   = {{Journal of Physics: Condensed Matter}},
  title     = {New permanent magnets: {Manganese} compounds},
  year      = {2014},
  month     = jan,
  number    = {6},
  pages     = {064211},
  volume    = {26},
  doi       = {10.1088/0953-8984/26/6/064211},
}

@Article{Bancel1999,
  author    = {Bancel, F.},
  journal   = {{Journal of Physics D: Applied Physics}},
  title     = {Magnetic nodes},
  year      = {1999},
  month     = aug,
  number    = {17},
  pages     = {2155--2161},
  volume    = {32},
  doi       = {10.1088/0022-3727/32/17/304},
}

@Article{Janssen2011,
  author   = {Janssen, J. L. G. and Paulides, J. J. H. and Lomonova, E. A.},
  journal  = {{IEEE Transactions on Magnetics}},
  title    = {3-{D} Analytical Calculation of the Torque Between Perpendicular Magnetized Magnets in Magnetic Suspensions},
  year     = {2011},
  month    = oct,
  number   = {10},
  pages    = {4286--4289},
  volume   = {47},
  doi      = {10.1109/TMAG.2011.2154315},
}

@Article{Ravaud2010,
  author     = {Ravaud, R. and Lemarquand, G. and Babic, S. and Lemarquand, V. and Akyel, C.},
  journal    = {{IEEE Transactions on Magnetics}},
  title      = {Cylindrical Magnets and Coils: {F}ields, Forces, and Inductances},
  year       = {2010},
  month      = sep,
  number     = {9},
  pages      = {3585--3590},
  volume     = {46},
  doi        = {10.1109/TMAG.2010.2049026},
}

@Article{Caciagli2018,
  author   = {Caciagli, Alessio and Baars, Roel J. and Philipse, Albert P. and Kuipers, Bonny W. M.},
  journal  = {{Journal of Magnetism and Magnetic Materials}},
  title    = {Exact expression for the magnetic field of a finite cylinder with arbitrary uniform magnetization},
  year     = {2018},
  month    = jun,
  pages    = {423--432},
  volume   = {456},
  doi      = {10.1016/j.jmmm.2018.02.003},
}

@Article{Janssen2009,
  author   = {Janssen, J. L. G. and Paulides, J. J. H. and Lomonova, E. A.},
  journal  = {{IEEE Transactions on Magnetics}},
  title    = {Three-Dimensional Analytical Field Calculation of Pyramidal-Frustum Shaped Permanent Magnets},
  year     = {2009},
  month    = oct,
  number   = {10},
  pages    = {4628--4631},
  volume   = {45},
  doi      = {10.1109/TMAG.2009.2021861},
}

@Article{Compter2010,
  author   = {Compter, J. C. and Janssen, J. L. G. and Lomonova, E. A.},
  journal  = {{IEEE Transactions on Magnetics}},
  title    = {Ampere's Circuital 3-{D} Model for Noncuboidal Magnets},
  year     = {2010},
  month    = dec,
  number   = {12},
  pages    = {4009--4015},
  volume   = {46},
  doi      = {10.1109/TMAG.2010.2070804},
}

@Article{OConnell2020,
  author   = {O’Connell, James L. G. and Robertson, William S. P. and Cazzolato, Benjamin S.},
  journal  = {{IEEE Transactions on Magnetics}},
  title    = {Analytic Magnetic Fields and Semi-Analytic Forces and Torques Due to General Polyhedral Permanent Magnets},
  year     = {2020},
  month    = jan,
  number   = {1},
  pages    = {1--8},
  volume   = {56},
  doi      = {10.1109/TMAG.2019.2942538},
}

@Article{Janssen2009a,
  author   = {Janssen, J. L. G. and Paulides, J. J. H. and Lomonova, E. and Bölöni, F. and Tounzi, A. and Piriou, F.},
  journal  = {{Sensor Letters}},
  title    = {Analytical Calculation of Interaction Force Between Orthogonally Magnetized Permanent Magnets},
  year     = {2009},
  month    = jun,
  number   = {3},
  pages    = {442--445},
  volume   = {7},
  doi      = {10.1166/sl.2009.1049},
}

@Article{Fabbri2008,
  author   = {Fabbri, Massimo},
  journal  = {{IEEE Transactions on Magnetics}},
  title    = {Magnetic Flux Density and Vector Potential of Uniform Polyhedral Sources},
  year     = {2008},
  month    = jan,
  number   = {1},
  pages    = {32--36},
  volume   = {44},
  doi      = {10.1109/TMAG.2007.908698},
}

@Article{OConnell2020a,
  author   = {O’Connell, James L. G. and Robertson, William S. P. and Cazzolato, Benjamin S.},
  journal  = {{Journal of Magnetism and Magnetic Materials}},
  title    = {Simplified equations for the magnetic field due to an arbitrarily-shaped polyhedral permanent magnet},
  year     = {2020},
  month    = sep,
  pages    = {166894},
  volume   = {510},
  doi      = {10.1016/j.jmmm.2020.166894},
}

@Article{Mallinson1973,
  author   = {Mallinson, J.},
  journal  = {{IEEE Transactions on Magnetics}},
  title    = {One-sided fluxes – {A} magnetic curiosity?},
  year     = {1973},
  month    = dec,
  number   = {4},
  pages    = {678--682},
  volume   = {9},
  doi      = {10.1109/TMAG.1973.1067714},
}

@Article{Boeij2006,
  author   = {de Boeij, J. and Lomonova, E. and Vandenput, A.},
  journal  = {{IEEE Transactions on Magnetics}},
  title    = {Modeling Ironless Permanent-Magnet Planar Actuator Structures},
  year     = {2006},
  month    = aug,
  number   = {8},
  pages    = {2009--2016},
  volume   = {42},
  doi      = {10.1109/TMAG.2006.877712},
}

@Article{Rovers2012,
  author   = {Rovers, J. M. M. and Jansen, J. W. and Compter, J. C. and Lomonova, E. A.},
  journal  = {{IEEE Transactions on Industrial Electronics}},
  title    = {Analysis Method of the Dynamic Force and Torque Distribution in the Magnet Array of a Commutated Magnetically Levitated Planar Actuator},
  year     = {2012},
  month    = may,
  number   = {5},
  pages    = {2157--2166},
  volume   = {59},
  doi      = {10.1109/TIE.2011.2146222},
}

@Article{Cho2001,
  author   = {Cho, Han-Sam and Im, Chang-Hwan and Jung, Hyun-Kyo},
  journal  = {{IEEE Transactions on Magnetics}},
  title    = {Magnetic field analysis of 2-{D} permanent magnet array for planar motor},
  year     = {2001},
  month    = sep,
  number   = {5},
  pages    = {3762--3766},
  volume   = {37},
  doi      = {10.1109/20.952708},
}

@Article{Huang2008,
  author   = {Huang, Rui and Zhou, Jianpei and Kim, Gyu-Tak},
  journal  = {{IEEE Transactions on Magnetics}},
  title    = {Minimization Design of Normal Force in Synchronous Permanent Magnet Planar Motor With Halbach Array},
  year     = {2008},
  month    = jun,
  number   = {6},
  pages    = {1526--1529},
  volume   = {44},
  doi      = {10.1109/TMAG.2007.914856},
}

@Article{Jansen2008,
  author   = {Jansen, J. W. and van Lierop, C. M. M. and Lomonova, Elena A. and Vandenput, AndrÉ J. A.},
  journal  = {{IEEE Transactions on Industry Applications}},
  title    = {Magnetically Levitated Planar Actuator With Moving Magnets},
  year     = {2008},
  month    = jul,
  number   = {4},
  pages    = {1108--1115},
  volume   = {44},
  doi      = {10.1109/TIA.2008.926065},
}

@Article{Cho2002,
  author   = {Cho, Han-Sam and Jung, Hyun-Kyo},
  journal  = {{IEEE Transactions on Energy Conversion}},
  title    = {Analysis and design of synchronous permanent-magnet planar motors},
  year     = {2002},
  month    = dec,
  number   = {4},
  pages    = {492--499},
  volume   = {17},
  doi      = {10.1109/TEC.2002.805295},
}

@Article{Peng2013,
  author   = {Peng, Junrong and Zhou, Yunfei},
  journal  = {{IEEE Transactions on Magnetics}},
  title    = {Modeling and Analysis of a New {2-D Halbach} Array for Magnetically Levitated Planar Motor},
  year     = {2013},
  issn     = {1941-0069},
  month    = jan,
  number   = {1},
  pages    = {618--627},
  volume   = {49},
  doi      = {10.1109/TMAG.2012.2210435},
}

@Article{Min2010,
  author   = {Min, Wei and Zhang, Ming and Zhu, Yu and Chen, Badong and Duan, Guanghong and Hu, Jinchun and Yin, Wensheng},
  journal  = {{IEEE Transactions on Magnetics}},
  title    = {Analysis and Optimization of a New 2-{D} Magnet Array for Planar Motor},
  year     = {2010},
  month    = may,
  number   = {5},
  pages    = {1167--1171},
  volume   = {46},
  doi      = {10.1109/TMAG.2010.2040922},
}

@Article{Kremers2013,
  author   = {Kremers, Maarten F. J. and Paulides, Johannes J. H. and Ilhan, Esin and Janssen, Jeroen L. G. and Lomonova, Elena A.},
  journal  = {{IEEE Transactions on Magnetics}},
  title    = {Relative Permeability in a {3D} Analytical Surface Charge Model of Permanent Magnets},
  year     = {2013},
  month    = may,
  number   = {5},
  pages    = {2299--2302},
  volume   = {49},
  doi      = {10.1109/TMAG.2013.2239976},
}

@Article{Casteren2014,
  author     = {van Casteren, D. T. E. H. and Paulides, J. J. H. and Lomonova, E. A.},
  journal    = {{IEEE Transactions on Magnetics}},
  title      = {3-{D} Numerical Surface Charge Model Including Relative Permeability: The General Theory},
  year       = {2014},
  month      = nov,
  number     = {11},
  pages      = {1--4},
  volume     = {50},
  doi        = {10.1109/TMAG.2014.2320194},
}

@Article{Zhang2021,
  author   = {Zhang, He and Kou, Baoquan and Zhou, Lishan},
  journal  = {{IEEE Transactions on Magnetics}},
  title    = {An Improved Surface Charge Model for the Static Force Calculation Among the Permanent Magnets in Magnetic Bearings or Magnetic Springs},
  year     = {2021},
  month    = feb,
  number   = {2},
  pages    = {1--4},
  volume   = {57},
  doi      = {10.1109/TMAG.2020.3005245},
}

@Article{Forbes2021,
  author   = {Forbes, Matthew and Robertson, William S. P. and Zander, Anthony C. and Paulides, Johannes J. H.},
  journal  = {{IEEE Transactions on Magnetics}},
  title    = {Boundary-Free Analytic Magnetic Field Calculations Including Soft Iron and Permanent Magnets Using an Iterative Discretization Technique},
  year     = {2021},
  month    = feb,
  number   = {2},
  pages    = {1--5},
  volume   = {57},
  doi      = {10.1109/TMAG.2020.3010566},
}

@Article{Mourino1991,
  author  = {Mourino, M. R.},
  journal = {Radiology},
  title   = {From {Thales} to {Lauterbur}, or from the lodestone to {MR} imaging: {Magnetism} and medicine},
  year    = {1991},
  number  = {3},
  pages   = {593-612},
  volume  = {180},
  doi     = {10.1148/radiology.180.3.1871268},
}

@Book{Stohr2006,
  author    = {Stöhr, J. and Siegmann, H. C.},
  publisher = {{Springer, Berlin, Heidelberg}},
  title     = {Magnetism},
  year      = {2006},
  doi       = {10.1007/978-3-540-30283-4},
}

@Book{Hafeli1997,
  author    = {Häfeli, U.},
  publisher = {{Springer, Boston, MA}},
  title     = {Scientific and clinical applications of magnetic carriers},
  year      = {1997},
  doi       = {10.1007/978-1-4757-6482-6_1},
}

@Book{Mattis1981,
  author    = {Mattis, D. C.},
  publisher = {{Springer, Berlin, Heidelberg}},
  title     = {The theory of magnetism {I}},
  year      = {1981},
  doi       = {10.1007/978-3-642-83238-3},
}

@Article{Mills2004,
  author     = {Mills, Allan A.},
  journal    = {Annals of Science},
  title      = {The {Lodestone}: {History}, Physics, and Formation},
  year       = {2004},
  month      = jul,
  number     = {3},
  pages      = {273--319},
  volume     = {61},
  doi        = {10.1080/00033790310001642812},
}

@Book{Coey2010,
  author    = {Coey, J. M. D.},
  publisher = {{Cambridge University Press}},
  title     = {Magnetism and magnetic materials},
  year      = {2010},
  isbn      = {9781139486927},
  month     = mar,
}

@Book{Campbell1996,
  author    = {Campbell, Peter},
  publisher = {{Cambridge University Press}},
  title     = {Permanent magnet materials and their application},
  year      = {1996},
  isbn      = {9781316583234},
  month     = jun,
}

@Article{Harradon1943,
  author    = {Harradon, H. D.},
  journal   = {{Terrestrial Magnetism and Atmospheric Electricity}},
  title     = {Some Early Contributions to the History of Geomagnetism {IV}},
  year      = {1943},
  number    = {3},
  pages     = {127--128},
  volume    = {48},
  doi       = {https://doi.org/10.1029/TE048i003p00127},
}

@Article{Chapman1943,
  author    = {Chapman, S.},
  journal   = {Nature},
  title     = {Edmond {Halley} and Geomagnetism},
  year      = {1943},
  month     = aug,
  number    = {3852},
  pages     = {231--237},
  volume    = {152},
  doi       = {10.1038/152231a0},
}

@Article{Hellmann1899,
  author    = {Hellmann, G.},
  journal   = {{Terrestrial Magnetism and Atmospheric Electricity}},
  title     = {The beginnings of magnetic observations},
  year      = {1899},
  number    = {2},
  pages     = {73--86},
  volume    = {4},
  doi       = {https://doi.org/10.1029/TE004i002p00073},
}

@Article{Selvan2007,
  author     = {Selvan, Krishnasamy T.},
  journal    = {{IEEE Antennas and Propagation Magazine}},
  title      = {Engineering Education: {Presentation} of {Maxwell}'s Equations in Historical Perspective and the Likely Desirable Outcomes},
  year       = {2007},
  month      = oct,
  number     = {5},
  pages      = {155--160},
  volume     = {49},
  doi        = {10.1109/MAP.2007.4395329},
}

@Article{Mayer2021,
  author    = {Mayer, V. V. and Varaksina, E. I.},
  journal   = {{European Journal of Physics}},
  title     = {Modern demonstration experiments for {H} {Hertz}'s experimental study},
  year      = {2021},
  month     = jan,
  number    = {2},
  volume    = {42},
  doi       = {10.1088/1361-6404/abc85e},
}

@Article{Maxwell1865,
  author    = {Maxwell, James Clerk},
  journal   = {{Philosophical Transactions of the {Royal Society of London}}},
  title     = {{A} dynamical theory of the electromagnetic field},
  year      = {1865},
  month     = jan,
  pages     = {459--512},
  volume    = {155},
  doi       = {10.1098/rstl.1865.0008},
}

@Book{Lacheisserie2005,
  editor     = {du Trémolet de Lacheisserie, E. and Gignoux, Damien and Schlenker, Michel},
  publisher  = {{Springer-Verlag}},
  title      = {Magnetism: {Materials} and Applications},
  year       = {2005},
  address    = {New York},
  isbn       = {9780387230009},
}

@Book{Moskowitz1995,
  author    = {Moskowitz, L. R.},
  publisher = {Krieger},
  title     = {Permanent magnet design and application handbook},
  year      = {1995},
  isbn      = {0894647687},
}

@Book{Stoner1934,
  author    = {Stoner, E. C.},
  publisher = {{Methuen} \& {Company, Limited}},
  title     = {Magnetism and Matter},
  year      = {1934},
  isbn      = {9780598929266},
}

@Book{Blundell2012,
  author    = {Blundell, S. J.},
  publisher = {{Oxford University Press}},
  title     = {Magnetism: {A} Very Short Introduction},
  year      = {2012},
  isbn      = {0199601208},
}

@Book{Morrish1965,
  author    = {Morrish, A. H.},
  publisher = {{IEEE Press}},
  title     = {The physical principles of magnetism},
  year      = {1965},
  address   = {New York},
  isbn      = {9780470546581},
}

@Article{Knudsen1976,
  author    = {Knudsen, Ole},
  journal   = {{Archive for History of Exact Sciences}},
  title     = {The {Faraday} {Effect} and Physical Theory, 1845-1873},
  year      = {1976},
  number    = {3},
  pages     = {235--281},
  volume    = {15},
}

@Article{Conway2001,
  author   = {Conway, J. T.},
  journal  = {{IEEE Transactions on Magnetics}},
  title    = {Exact solutions for the magnetic fields of axisymmetric solenoids and current distributions},
  year     = {2001},
  month    = jul,
  number   = {4},
  pages    = {2977--2988},
  volume   = {37},
  doi      = {10.1109/20.947050},
}

@TechReport{Callaghan1960,
  author   = {Callaghan, E. E. and Maslen, S. H.},
  title    = {The magnetic field of a finite solenoid},
  year     = {1960},
  month    = oct,
}

@Article{Derby2010,
  author    = {Derby, Norman and Olbert, Stanislaw},
  journal   = {{American Journal of Physics}},
  title     = {Cylindrical magnets and ideal solenoids},
  year      = {2010},
  month     = mar,
  number    = {3},
  pages     = {229--235},
  volume    = {78},
  doi       = {10.1119/1.3256157},
}

@Article{Rovers2010,
  author   = {Rovers, J. M. M. and Jansen, J. W. and Lomonova, Elena A.},
  journal  = {{IEEE Transactions on Magnetics}},
  title    = {Analytical calculation of the force between a rectangular coil and a cuboidal permanent magnet},
  year     = {2010},
  issn     = {1941-0069},
  month    = jun,
  number   = {6},
  pages    = {1656--1659},
  volume   = {46},
  doi      = {10.1109/TMAG.2010.2040589},
}

@Article{Tsui1972,
  author    = {J. Tsui and D. Iden and K. Strnat and A. Evers},
  journal   = {{IEEE Transactions on Magnetics}},
  title     = {The effect of intrinsic magnetic properties on permanent magnet repulsion},
  year      = {1972},
  month     = jun,
  number    = {2},
  pages     = {188--194},
  volume    = {8},
  doi       = {10.1109/tmag.1972.1067280},
}

@Article{Allag2015,
  author  = {Allag, Hicham and Yonnet, Jean-Paul and Bouchekara, Houssem R. E. H. and Latreche, Mohamed E. H. and Rubeck, Christophe},
  journal = {{Applied Computational Electromagnetics Society Journal}},
  title   = {Coulombian Model for {3D} Analytical Calculation of the Torque Exerted on Cuboidal Permanent Magnets with Arbitrary Oriented Polarizations},
  year    = {2015},
  number  = {4},
  pages   = {351--356},
  volume  = {30},
}

@Article{Allag2011,
  author    = {Allag, H. and Yonnet, J.-P. and Latreche, M. E. H.},
  journal   = {{Journal of Applied Physics}},
  title     = {Analytical calculation of the torque exerted between two perpendicularly magnetized magnets},
  year      = {2011},
  issn      = {0021-8979},
  month     = apr,
  number    = {7},
  pages     = {07E701},
  volume    = {109},
  doi       = {10.1063/1.3535148},
}

@InProceedings{Allag2009a,
  author    = {Allag, H. and Yonnet, J-P. and Latreche, M.E.H.},
  booktitle = {2009 8th {International} {Symposium} on {Advanced} {Electromechanical} {Motion} {Systems} {Electric} {Drives} {Joint} {Symposium}},
  title     = {{3D} analytical calculation of forces between linear {Halbach}-type permanent-magnet arrays},
  year      = {2009},
  month     = jul,
  pages     = {1--6},
  doi       = {10.1109/ELECTROMOTION.2009.5259084},
}

@Article{Allag2009b,
  author   = {Allag, Hicham and Yonnet, Jean-Paul and Fassenet, Marylin and Latreche, Mohamed E.},
  journal  = {{Sensor Letters}},
  title    = {{3D} Analytical Calculation of Interactions Between Perpendicularly Magnetized Magnets—Application to Any Magnetization Direction},
  year     = {2009},
  month    = jun,
  number   = {3},
  pages    = {486--491},
  volume   = {7},
  doi      = {10.1166/sl.2009.1094},
}

@Article{Yonnet2011,
  author   = {Yonnet, Jean-Paul and Allag, Hicham},
  journal  = {{IEEE Transactions on Magnetics}},
  title    = {Three-Dimensional Analytical Calculation of Permanent Magnet Interactions by “Magnetic Node” Representation},
  year     = {2011},
  month    = aug,
  number   = {8},
  pages    = {2050--2055},
  volume   = {47},
  doi      = {10.1109/TMAG.2011.2122339},
}

@Article{Charpentier1999,
  author   = {Charpentier, J. F. and Lemarquand, G.},
  journal  = {{IEEE Transactions on Magnetics}},
  title    = {Study of permanent-magnet couplings with progressive magnetization using an analytical formulation},
  year     = {1999},
  month    = sep,
  number   = {5},
  pages    = {4206--4217},
  volume   = {35},
  doi      = {10.1109/20.799069},
}

@Article{Charpentier1999a,
  author   = {Charpentier, J.-F. and Lemarquand, G.},
  journal  = {{IEEE Transactions on Magnetics}},
  title    = {Optimal design of cylindrical air-gap synchronous permanent magnet couplings},
  year     = {1999},
  month    = mar,
  number   = {2},
  pages    = {1037--1046},
  volume   = {35},
  doi      = {10.1109/20.748851},
}

@Article{Elies1999,
  author   = {Elies, P. and Lemarquand, G.},
  journal  = {{IEEE Transactions on Magnetics}},
  title    = {Analytical study of radial stability of permanent-magnet synchronous couplings},
  year     = {1999},
  month    = jul,
  number   = {4},
  pages    = {2133--2136},
  volume   = {35},
  doi      = {10.1109/20.774183},
}

@Article{Elies1998,
  author   = {Elies, P. and Lemarquand, G.},
  journal  = {{IEEE Transactions on Magnetics}},
  title    = {Analytical optimization of the torque of a permanent-magnet coaxial synchronous coupling},
  year     = {1998},
  month    = jul,
  number   = {4},
  pages    = {2267--2273},
  volume   = {34},
  doi      = {10.1109/20.703865},
}

@Article{Halbach1980,
  author   = {Halbach, K.},
  journal  = {{Nuclear Instruments and Methods}},
  title    = {Design of permanent multipole magnets with oriented rare earth cobalt material},
  year     = {1980},
  month    = feb,
  number   = {1},
  pages    = {1--10},
  volume   = {169},
  doi      = {10.1016/0029-554X(80)90094-4},
}

@Article{Davis2007,
  author     = {Davis, E. A.},
  journal    = {{Philosophical Magazine Letters}},
  title      = {Discovery of the electron: {Commentary} on {J}. {J}. {Thomson}'s classic paper of 1897},
  year       = {2007},
  month      = may,
  number     = {5},
  pages      = {293--301},
  volume     = {87},
  doi        = {10.1080/09500830701305514},
}

@Article{Robotti1997,
  author     = {Robotti, Nadia},
  journal    = {{European Journal of Physics}},
  title      = {The discovery of the electron: {I}},
  year       = {1997},
  month      = may,
  number     = {3},
  pages      = {133--138},
  volume     = {18},
  doi        = {10.1088/0143-0807/18/3/002},
}

@Article{Kox1997,
  author     = {Kox, A. J.},
  journal    = {{European Journal of Physics}},
  title      = {The discovery of the electron: {II}. {The} {Zeeman} effect},
  year       = {1997},
  month      = may,
  number     = {3},
  pages      = {139--144},
  volume     = {18},
  doi        = {10.1088/0143-0807/18/3/003},
}

@Book{Arabatzis2009,
  author    = {Theodore Arabatzis},
  editor    = {Daniel Greenberger and Klaus Hentschel and Friedel Weinert},
  publisher = {{Springer Berlin Heidelberg}},
  title     = {Compendium of Quantum Physics},
  year      = {2009},
  doi       = {10.1007/978-3-540-70626-7},
}

@Article{Hoburg2004,
  author   = {Hoburg, J.F.},
  journal  = {{IEEE Transactions on Magnetics}},
  title    = {Modeling maglev passenger compartment static magnetic fields from linear {Halbach} permanent-magnet arrays},
  year     = {2004},
  month    = jan,
  number   = {1},
  pages    = {59--64},
  volume   = {40},
  doi      = {10.1109/TMAG.2003.821559},
}

@Article{Wang2010,
  author    = {Wang, Jiang-Bo and Li, Yao-Hua and Yan, Lu-Guang},
  journal   = {{International Journal of Applied Electromagnetics and Mechanics}},
  title     = {Study on applying the linear {Halbach} array to eddy current brake system},
  year      = {2010},
  month     = jan,
  number    = {1-2},
  pages     = {111--118},
  volume    = {33},
  doi       = {10.3233/JAE-2010-1103},
}

@Article{Shen2013,
  author   = {Shen, Yang and Zhu, Zi-Qiang},
  journal  = {{IET Electrical Systems in Transportation}},
  title    = {General analytical model for calculating electromagnetic performance of permanent magnet brushless machines having segmented {Halbach} array},
  year     = {2013},
  number   = {3},
  pages    = {57--66},
  volume   = {3},
  doi      = {10.1049/iet-est.2012.0055},
}

@Book{Gieras2010,
  author    = {Gieras, Jacek},
  publisher = {{CRC Press}},
  title     = {Permanent magnet motor technology: {Design} and applications},
  year      = {2010},
  isbn      = {9781420064407},
}

@Article{Lee2006,
  author   = {Lee, Moon G. and Choi, Young-Man and Lee, Sung Q. and Lim, Dae-cheol and Gweon, Dae-Gab},
  journal  = {Mechatronics},
  title    = {Design of high precision linear stage with double-sided multi-segmented trapezoidal magnet array and its compensations for force ripples},
  year     = {2006},
  month    = jul,
  number   = {6},
  pages    = {331--340},
  volume   = {16},
  doi      = {10.1016/j.mechatronics.2006.01.006},
}

@Article{Yonnet1978,
  author   = {Yonnet, J.-P.},
  journal  = {{IEEE Transactions on Magnetics}},
  title    = {Passive magnetic bearings with permanent magnets},
  year     = {1978},
  month    = sep,
  number   = {5},
  pages    = {803--805},
  volume   = {14},
  doi      = {10.1109/TMAG.1978.1060019},
}

@Article{Yonnet1981,
  author   = {Yonnet, J.-P.},
  journal  = {{IEEE Transactions on Magnetics}},
  title    = {Permanent magnet bearings and couplings},
  year     = {1981},
  month    = jan,
  number   = {1},
  pages    = {1169--1173},
  volume   = {17},
  doi      = {10.1109/TMAG.1981.1061166},
}

@Article{Furlani1994,
  author   = {Furlani, E. P.},
  journal  = {{Journal of Magnetism and Magnetic Materials}},
  title    = {A three-dimensional field solution for axially-polarized multipole disks},
  year     = {1994},
  month    = jul,
  number   = {2},
  pages    = {205--214},
  volume   = {135},
  doi      = {10.1016/0304-8853(94)90347-6},
}

@Article{Furlani1994a,
  author   = {Furlani, E.P. and Reznik, S. and Janson, W.},
  journal  = {{IEEE Transactions on Magnetics}},
  title    = {A three-dimensional field solution for bipolar cylinders},
  year     = {1994},
  issn     = {1941-0069},
  month    = sep,
  number   = {5},
  pages    = {2916--2919},
  volume   = {30},
  doi      = {10.1109/20.312547},
}

@Article{Rovers2013,
  author   = {Rovers, J. M. M. and Jansen, J. W. and Lomonova, E. A.},
  journal  = {{IEEE Transactions on Magnetics}},
  title    = {Modeling of Relative Permeability of Permanent Magnet Material Using Magnetic Surface Charges},
  year     = {2013},
  month    = jun,
  number   = {6},
  pages    = {2913--2919},
  volume   = {49},
  doi      = {10.1109/TMAG.2012.2236103},
}

@Article{Pappas1983,
  author   = {Pappas, P. T.},
  journal  = {{Il Nuovo Cimento B (1971-1996)}},
  title    = {The original {Ampère} force and {Biot}-{Savart} and {Lorentz} forces},
  year     = {1983},
  month    = aug,
  number   = {2},
  pages    = {189--197},
  volume   = {76},
  doi      = {10.1007/BF02721552},
}

@Book{Jackson1998,
  author    = {Jackson, John David},
  publisher = {WILEY},
  title     = {Classical Electrodynamics},
  year      = {1998},
  isbn      = {047130932X},
}

@Book{Ingarden1985,
  author    = {Ingarden, Roman},
  publisher = {{Elsevier PWN}--{Polish Scientific Publishers}},
  title     = {Classical electrodynamics},
  year      = {1985},
  address   = {Amsterdam New York Warszawa},
  isbn      = {0444996044},
}

@Book{Casteren2016,
  author    = {van Casteren, D.T.E.H.},
  publisher = {Technische Universiteit Eindhoven},
  title     = {Advanced 3-{D} magnetic field modeling: {A}pplied to a permanent magnet based vibration isolation system},
  year      = {2016},
  address   = {Eindhoven},
  isbn      = {9789038641614},
}

@Article{O’Connell2021,
  author   = {O’Connell, James L. G. and Robertson, William S. P. and Cazzolato, Benjamin S.},
  journal  = {{IEEE Transactions on Magnetics}},
  title    = {Optimization of the Magnetic Field Produced by Frustum Permanent Magnets for Single Magnet and Planar Halbach Array Configurations},
  year     = {2021},
  month    = aug,
  number   = {8},
  pages    = {1--9},
  volume   = {57},
  doi      = {10.1109/TMAG.2021.3085108},
}

@Book{Ohanian2007,
  author    = {Ohanian, Hans},
  publisher = {{Infinity Science Press}},
  title     = {Classical electrodynamics},
  year      = {2007},
  isbn      = {0977858278},
}

@Book{Fernow2016,
  author    = {Fernow, Richard C.},
  publisher = {{Cambridge University Press}},
  title     = {Principles of Magnetostatics},
  year      = {2016},
  isbn      = {1107161126},
}

@Book{Zhukov2016,
  author    = {Zhukov, Arcady},
  publisher = {Springer},
  title     = {Novel functional magnetic materials: {F}undamentals and applications},
  year      = {2016},
  isbn      = {9783319261041},
}

@InProceedings{Sonawane2016,
  author    = {Sunil T. Sonawane and Mahmoud Meribout},
  booktitle = {{2016 5th International Conference on Electronic Devices, Systems and Applications ({ICEDSA})}},
  title     = {Halbach array design targeting nuclear magnetic resonance},
  year      = {2016},
  month     = dec,
  publisher = {{IEEE}},
  doi       = {10.1109/icedsa.2016.7818513},
}

@Article{Blumler2016,
  author   = {Blümler, Peter},
  journal  = {{Concepts in Magnetic Resonance Part B: Magnetic Resonance Engineering}},
  title    = {Proposal for a permanent magnet system with a constant gradient mechanically adjustable in direction and strength},
  year     = {2016},
  number   = {1},
  pages    = {41--48},
  volume   = {46},
  doi      = {10.1002/cmr.b.21320},
}

@Article{Raich2004,
  author     = {Raich, H. and Blümler, P.},
  journal    = {{Concepts in Magnetic Resonance Part B: Magnetic Resonance Engineering}},
  title      = {Design and construction of a dipolar {Halbach} array with a homogeneous field from identical bar magnets: {NMR} {Mandhalas}},
  year       = {2004},
  number     = {1},
  pages      = {16--25},
  volume     = {23B},
  doi        = {10.1002/cmr.b.20018},
}

@Article{Halbach1979,
  author   = {Halbach, Klaus},
  journal  = {{IEEE Transactions on Nuclear Science}},
  title    = {Strong Rare Earth Cobalt Quadrupoles},
  year     = {1979},
  month    = jun,
  number   = {3},
  pages    = {3882--3884},
  volume   = {26},
  doi      = {10.1109/TNS.1979.4330638},
}

@Article{Halbach1985,
  author    = {Halbach, Klaus},
  journal   = {{Journal of Applied Physics}},
  title     = {Application of permanent magnets in accelerators and electron storage rings (invited)},
  year      = {1985},
  month     = apr,
  number    = {8},
  pages     = {3605--3608},
  volume    = {57},
  doi       = {10.1063/1.335021},
}

@Article{Shen2013a,
  author  = {Shen, Yang and Zhu, Z. Q.},
  journal = {{IEEE Transactions on Magnetics}},
  title   = {Analysis of Electromagnetic Performance of {Halbach PM} Brushless Machines Having Mixed Grade and Unequal Height of Magnets},
  year    = {2013},
  month   = apr,
  number  = {4},
  pages   = {1461--1469},
  volume  = {49},
  doi     = {10.1109/TMAG.2012.2227147},
}

@Article{Majernik2019,
  author    = {Majernik, N. and Rosenzweig, J. B.},
  journal   = {{Physical Review Accelerators and Beams}},
  title     = {Halbach undulators using right triangular magnets},
  year      = {2019},
  month     = sep,
  number    = {9},
  volume    = {22},
  doi       = {10.1103/PhysRevAccelBeams.22.092401},
}

@Article{Xu2018,
  author   = {Xu, Xiaonong and Lu, Dingwei and Xu, Xibin and Yu, Yang and Gu, Min},
  journal  = {{Journal of Magnetism and Magnetic Materials}},
  title    = {Optimizing the field distribution of a {Halbach} type permanent magnet cylinder using the soft iron and superhard magnet},
  year     = {2018},
  month    = jan,
  pages    = {77--83},
  volume   = {445},
  doi      = {10.1016/j.jmmm.2017.08.081},
}

@Book{Jiles2015,
  author    = {Jiles, David},
  publisher = {{CRC Press}},
  title     = {Introduction to Magnetism and Magnetic Materials},
  year      = {2015},
  edition   = {3},
  isbn      = {9780429160097},
  month     = sep,
  doi       = {10.1201/b18948},
}

@Book{Giancoli2000,
  author    = {Giancoli, Douglas},
  publisher = {Prentice Hall},
  title     = {Physics for scientists and engineers},
  year      = {2000},
  address   = {Englewood Cliffs, N.J},
  isbn      = {0130215198},
}

@Book{Harrington1993,
  author    = {Harrington},
  publisher = {{John Wiley} \& {Sons}},
  title     = {Field computation moment methods},
  year      = {1993},
  isbn      = {0780310144},
}

@Misc{Legland2021,
  author    = {Legland, David and {Oqilipo} and Carbajal, Juan Pablo and {Roozbeh Geraili Mikola} and Schappler, Moritz and Gorman, Chris and {Drdadr} and {Robingeorg} and {Zubiao Xiong} and Holcombe, Sven},
  title     = {MatGeom library for geometric computing with MATLAB},
  year      = {2021},
  copyright = {Open Access},
  doi       = {10.5281/ZENODO.5768193},
  publisher = {Zenodo},
}

@Article{Kamaruzaman2021,
  author  = {Kamaruzaman, Nur Afifah and Robertson, William S. P. and Ghayesh, Mergen H. and Cazzolato, Benjamin S. and Zander, Anthony C.},
  journal = {{Journal of Sound and Vibration}},
  title   = {Six degree of freedom quasi-zero stiffness magnetic spring with active control: {Theoretical} analysis of passive versus active stability for vibration isolation},
  year    = {2021},
  month   = jun,
  volume  = {502},
  doi     = {10.1016/j.jsv.2021.116086},
}

@Article{Lahdo2017,
  author  = {Lahdo, Mousa and Ströhla, Tom and Kovalev, Sergej},
  journal = {{IEEE Transactions on Magnetics}},
  title   = {Repulsive Magnetic Levitation Force Calculation for a High Precision 6-{DoF} Magnetic Levitation Positioning System},
  year    = {2017},
  month   = mar,
  number  = {3},
  pages   = {1--6},
  volume  = {53},
  doi     = {10.1109/TMAG.2016.2636124},
}

@Article{Yung1998,
  author  = {Yung, Kar and Landecker, Peter and Villani, Daniel},
  journal = {{Magnetic and Electrical Separation}},
  title   = {An analytical solution for the force between two magnetic dipoles},
  year    = {1998},
  pages   = {39-52},
  volume  = {9},
}

@Comment{jabref-meta: databaseType:bibtex;}
